2614 2894
861 282 951 356 '758
977 311 986 323 ‘
1101 293 1171 340 De
1193 278 1521 340 *vium-nus
1543 287 1717 336 Codicis
1741 287 1905 336 Hebraei
1950 281 1954 286 ⁸

778 404 830 431 ὼ.
865 384 1102 424 mendatione
1128 381 1302 421 traditum
1318 380 1396 418 aliis
1413 377 1465 417 est
1480 405 1494 426 ,
1530 377 1677 417 eosdem
1697 377 1858 418 Codices
1872 377 2122 431 descripturis.

659 441 702 467 nis
713 411 785 469 :ujus
793 445 829 465 Ιῑ-

697 478 848 499 menum

869 439 996 478 Multo
1014 438 1116 490 plura
1135 434 1256 474 ta‘men
1273 427 1380 485 hujus
1395 432 1539 484 generis
1566 431 1617 474 (fi
1633 443 1805 484 magnam
1816 442 1956 481 partem
1965 433 2123 479 deficien-

700 506 816 540 saipmm
867 496 952 531 tium
967 491 1005 528 ὃ(
1015 492 1187 544 plenarum
1196 499 1332 526 vocum
1340 486 1546 537 exceperis:
1557 492 1573 535 )
1599 485 1783 525 referenda
1793 485 1873 524 sunt
1882 486 2123 539 adficpersst'n‘o-

662 546 742 566 tunm
752 542 804 567 ne-

663 572 733 601 bui.

669 1040 853 1107 nffioffdntfflx:

669 1106 725 1134 sens
735 1109 821 1144 qma.

672 1146 731 1171 tum

827 574 831 577 .
867 559 941 584 nem
958 541 1162 582 Doaorum
1179 554 1290 595 quam
1307 539 1526 579 adina-uram
1536 540 1771 578 notariorum.
1798 539 1914 590 Quod
1924 539 2007 578 inde
2016 539 2122 579 facile

866 598 1024 650 liqueat,
1051 595 1150 647 quod
1161 594 1559 647 scriptionismaejornm,
1585 593 2124 643 minorume‚inversarumquo-

866 662 961 703 que,
988 649 1028 687 δί
1039 650 1078 699 fi‘
1105 648 1255 698 ensaerum
1272 648 1465 695 literarum,
1491 658 1560 685 nee
1569 658 1645 685 non
1652 661 1769 685 vocum
1776 646 1999 698 quarundam
2003 649 2124 700 plene-

861 714 939 742 'rum
958 702 997 741 δί
1013 704 1055 741 de
1079 705 1251 746 cientium,
1278 699 1481 752 producere
1497 698 1632 739 soleant
1646 703 1809 747 miuus,
1834 698 2123 752 suaesuperstiaeiom'

866 756 1013 809 prorsus
1026 756 1308 801 convenientes,
1332 752 1458 804 quales
1473 753 1511 791 in
1527 754 1630 791 omni
1646 753 1731 791 loco
1749 752 1890 805 fingere
1899 765 1976 791 non
1985 752 2123 804 potuis·

867 809 971 858 sent,
999 809 1025 848 fi
1042 809 1124 848 haec
1139 810 1314 846 literarum
1329 816 1392 845 aut
1408 820 1523 844 vocum
1538 806 1636 844 varia
1652 805 1827 857 scriptum
1837 803 1977 859 semper
1985 807 2064 854 casu
2071 805 2125 844 fit-

867 861 928 902 &a
950 862 1037 901 esset
1052 874 1119 913 per
1133 860 1401 914 negligentiam
1417 858 1657 899 librariorum.
1690 859 1903 910 Specimina
1918 860 2098 899 rationum
2109 885 2123 907 ‚

870 915 1005 967 quibus
1019 914 1071 954 illi
1084 914 1163 959 ‚suas
1178 914 1254 952 inas
1268 914 1447 953 variantes
1461 912 1652 965 scripturas
1658 912 1841 952 literarum
1851 916 2034 965 majorum,
2060 916 2123 950 mi-

871 982 987 1008 norum
1001 995 1015 1016 ,
1051 976 1132 1008 (rc.
1169 966 1428 1005 commendare
1441 965 1556 1005 solent
1569 992 1584 1013 ‚
1610 966 1736 1005 videre
1751 966 1839 1004 lieet
1853 966 1950 1017 apud
1968 966 2124 1005 Buxtor-

874 1022 966 1063 fium
981 1027 1008 1062 ⁸.
1034 1021 1175 1060 Eadem
1193 1033 1281 1059 vero
1294 1020 1487 1073 superstitio,
1513 1030 1589 1070 que
1604 1019 1785 1072 originem
1794 1019 1896 1057 dedit
1903 1020 2124 1070 opinionide

873 1078 1001 1131 duplici
1015 1075 1212 1127 Scripturae
1228 1073 1346 1112 Sacrae
1355 1072 1467 1122 ρπβ,
1492 1085 1563 1111 nec
1579 1085 1654 1110 non
1670 1072 1823 1111 varianti
1843 1074 2019 1111 literarum
2036 1086 2125 1125 qua-

874 1130 1027 1169 rundam
1047 1127 1086 1167 &
1101 1141 1219 1166 vocum
1234 1125 1450 1177 scriptioni5
1477 1125 1626 1173 eadem,
1652 1125 1820 1177 inquam,
1847 1125 2055 1177 superstitio
2068 1140 2125 1163 cn-

874 1184 972 1234 riosbs
987 1182 1160 1235 quosdam
1176 1179 1388 1231 Judaeorum
1397 1177 1524 1216 Scribas
1531 1191 1576 1217 eo
1586 1178 1711 1227 duxit,
1738 1188 1801 1227 ut,
1826 1190 1913 1218 eum
1922 1178 2124 1218 considera-

877 1247 979 1284 rent,
999 1237 1115 1286 sinum
1129 1235 1249 1272 vocula
1264 1235 1305 1269 σὺ
1320 1233 1358 1270 in
1373 1230 1587 1285 quibusdam
1598 1232 1635 1271 S.
1644 1232 1844 1282 Scripturae
1853 1232 2017 1284 textibus
2023 1244 2125 1271 com·

879 1288 1007 1327 modas
1029 1287 1223 1327 admittere
1242 1284 1489 1336 expositiones
1503 1311 1516 1332 ,
1550 1284 1626 1322 five
1644 1285 1776 1324 vocula
1792 1298 1844 1324 Lo
1860 1285 2003 1338 legatur
2017 1296 2059 1324 ut
2084 1287 2124 1323 κθ

877 1353 964 1380 cum
980 1353 1002 1378 κ
1017 1339 1091 1379 five
1106 1349 1146 1378 ut
1162 1340 1192 1375 ιθ
1208 1350 1293 1377 eum
1310 1350 1318 1370 τ
1326 1346 1343 1383 l
1370 1336 1436 1376 fibi
1454 1337 1708 1389 persuaserint,
1737 1338 1938 1389 Prophetas
1947 1339 2127 1390 perlinam

875 1394 1021 1433 vocula:
1035 1396 1068 1430 lo
1083 1418 1096 1440 ,
1125 1391 1199 1431 five
1212 1403 1299 1430 curn
1317 1391 1453 1443 Aleph,
1482 1389 1555 1429 five
1568 1402 1655 1429 cum
1671 1394 1747 1430 Vaeu
1762 1391 1887 1438 leetae,
1912 1393 1992 1429 duos
2004 1392 2127 1430 inten-

877 1447 966 1486 disse
980 1447 1088 1497 sensus
1106 1443 1267 1484 diversos
1281 1471 1295 1493 ,
1329 1442 1501 1495 utrosque
1516 1454 1639 1483 tamen
1656 1446 1775 1484 textui
1791 1445 1829 1484 &
1845 1444 2020 1498 analogiae
2036 1443 2127 1483 fidei

875 1498 994 1552 probe
1008 1499 1283 1538 convenientes.
1323 1497 1511 1536 Caeterum
1528 1501 1613 1536 cu'm
1629 1497 1800 1538 alterutra
1815 1508 1958 1538 tantum
1979 1498 2130 1538 vocula-

877 1566 958 1593 rum
969 1580 983 1601 ,
1009 1563 1085 1604 que
1094 1554 1209 1603 fimum
1224 1565 1274 1590 Lo
1290 1551 1565 1603 repraesentant,
1593 1551 1629 1589 in
1640 1550 1834 1602 scriptione
1842 1562 1964 1591 textus
1973 1552 2129 1603 exprimi

878 1607 1016 1660 poss'et:
1045 1605 1155 1644 iidem
1166 1605 1202 1643 hi
1213 1603 1327 1643 Stribae
1333 1604 1476 1655 Judaici
1484 1629 1497 1651 ‚
1513 1616 1599 1642 curn
1607 1606 1751 1642 alteram
1758 1605 1885 1644 harum
1894 1605 2107 1644 vocularum
2117 1632 2131 1653 ‚

880 1659 979 1710 (five
1004 1661 1043 1696 ιώ
1067 1658 1144 1698 five
1158 1660 1209 1705 ἡ)
1236 1659 1355 1697 textui
1368 1656 1564 1695 insererent
1578 1684 1591 1705 ‚
1625 1659 1764 1695 alteram
1780 1657 1976 1698 leerionem
1995 1659 2072 1698 five
2086 1659 2132 1697 ad

880 1716 1063 1766 marginem
1073 1738 1087 1760 ,
1116 1711 1189 1751 five
1203 1711 1248 1750 ad
1264 1712 1387 1749 calcem
1403 1710 1556 1749 Codicis
1570 1710 1687 1750 Sacris
1702 1711 1969 1759 exhibuerunt,
1997 1724 2045 1751 ne
2060 1713 2133 1751 hoc

880 1780 1041 1815 arqaenum
1056 1766 1199 1816 periret.
1225 1764 1322 1803 Haec
1337 1764 1427 1814 quin
1442 1775 1526 1801 vere
1544 1762 1587 1802 {it
1603 1764 1710 1817 origo
1719 1766 1935 1804 variantium
1945 1765 2073 1804 harum
2085 1766 2134 1805 le·

882 1819 1048 1859 &ionum
1065 1821 1105 1855 κθ
1123 1817 1161 1856 &
1177 1822 1205 1855 ἡ
1222 1818 1260 1856 in
1275 1816 1487 1869 quibusdam
1504 1816 1686 1867 textibus,
1712 1818 1831 1857 nullus
1840 1819 2000 1872 ambigo.
2029 1818 2133 1857 Cum

882 1874 982 1912 enim
1002 1873 1094 1911 inter
1110 1872 1329 1923 Interpretes
1344 1870 1581 1922 posteriorum
1598 1881 1807 1924 temporum
1819 1871 2045 1924 fiveJudaeos
2055 1871 2135 1911 five

883 1925 1112 1965 Christianos
1126 1937 1201 1963 non
1216 1923 1420 1972 defuerint,
1447 1924 1510 1977 qui
1528 1924 1563 1963 id
1573 1926 1781 1977 neutiquam
1792 1926 1949 1966 alienum
1959 1937 2138 1978 putarunt

884 1977 908 2017 ὲ
925 1979 1061 2030 Spiritu
1078 1978 1114 2017 S.
1132 1988 1175 2016 ut
1190 1990 1255 2029 per
1269 1978 1380 2024 sonum
1396 1978 1503 2016 unius
1518 1978 1682 2026 voculae,
1709 1990 1783 2030 que
1801 1982 2138 2031 variuinterpreta·

886 2032 1006 2071 tiones
1022 2031 1205 2079 admittit,
1231 2032 1376 2082 diversas
1390 2046 1440 2069 res
1455 2033 1602 2081 innuat,
1630 2033 1693 2073 (ut
1710 2033 1832 2073 videre
1849 2035 1936 2073 licet
1951 2035 1989 2072 in
2002 2035 2140 2073 notatis

886 2086 1065 2137 exemplis
1081 2085 1130 2124 R.
1145 2084 1284 2134 Saadjae
1298 2111 1312 2132 ‚
1348 2085 1520 2123 Peliicani
1537 2112 1550 2133 ‚
1577 2084 1616 2124 &
1634 2086 1902 2131 Ainsworthi:)
1929 2088 2139 2126 nullatcnus

885 2137 1129 2177 dubitandum
1148 2137 1220 2186 est,
1246 2139 1335 2190 quin
1353 2137 1549 2177 Veteribus
1567 2139 1832 2192 Scripturarum
1851 2139 2141 2192 Inter-metibus,

837 2202 840 2205 ’
886 2192 950 2242 qui
965 2192 1171 2243 fisperstieiom‘
1187 2191 1306 2230 multo
1323 2193 1440 2244 magis
1454 2191 1569 2231 dediti
1585 2192 1749 2243 fuerunt,
1776 2208 1884 2247 quam
1897 2194 2142 2242 recentiorec,

885 2244 1014 2283 eadem
1030 2245 1210 2296 cogitatio
1219 2243 1406 2297 subrepere
1415 2246 1597 2297 potuerit,
1624 2246 1662 2286 &
1674 2249 1761 2302 quin
1769 2250 1895 2289 eadem
1903 2249 1981 2288 haec
1990 2246 2144 2287 senten·

2092 2313 2144 2342 tia

885 2363 907 2388 a
929 2351 1028 2391 Com.
1044 2356 1226 2404 Masorcth.
1240 2356 1317 2394 Lib.
1332 2357 1415 2403 Cap.
1429 2368 1504 2400 xiv„
1524 2359 1555 2394 ἃ
1569 2360 1634 2404 seq.
