<?xml version="1.0" encoding="UTF-8"?>
<!DOCTYPE html PUBLIC "-//W3C//DTD XHTML 1.0 Transitional//EN"
    "http://www.w3.org/TR/xhtml1/DTD/xhtml1-transitional.dtd">
<html xmlns="http://www.w3.org/1999/xhtml" xml:lang="en" lang="en">
 <head>
  <title>
</title>
<meta http-equiv="Content-Type" content="text/html;charset=utf-8" />
  <meta name='ocr-system' content='tesseract 3.04.00' />
  <meta name='ocr-capabilities' content='ocr_page ocr_carea ocr_par ocr_line ocrx_word'/>
</head>
<body>
  <div class='ocr_page' id='page_1' title='image "./campegiivitring01vitrgoog_0274.png"; bbox 0 0 2614 2894; ppageno 0'>
   <div class='ocr_carea' id='block_1_1' title="bbox 335 383 1794 2363">
    <p class='ocr_par' dir='ltr' id='par_1_1' title="bbox 335 383 1794 2288">
     <span class='ocr_line' id='line_1_1' title="bbox 346 383 1791 448; baseline 0.001 -18"><span class='ocrx_word' id='word_1_1' title='bbox 346 385 434 447; x_wconf 87' lang='lat' dir='ltr'>ipsa</span> <span class='ocrx_word' id='word_1_2' title='bbox 453 387 665 448; x_wconf 82' lang='lat' dir='ltr'>loquitur,</span> <span class='ocrx_word' id='word_1_3' title='bbox 699 385 814 447; x_wconf 84' lang='lat' dir='ltr'>posse</span> <span class='ocrx_word' id='word_1_4' title='bbox 836 401 915 433; x_wconf 87' lang='lat' dir='ltr'>nos</span> <span class='ocrx_word' id='word_1_5' title='bbox 937 385 1178 448; x_wconf 66' lang='lat' dir='ltr'>hicabsque</span> <span class='ocrx_word' id='word_1_6' title='bbox 1197 387 1358 448; x_wconf 89' lang='lat' dir='ltr'>pudore</span> <span class='ocrx_word' id='word_1_7' title='bbox 1376 400 1519 431; x_wconf 87' lang='lat' dir='ltr'>coram</span> <span class='ocrx_word' id='word_1_8' title='bbox 1530 383 1673 430; x_wconf 82' lang='lat' dir='ltr'>Vobis</span> <span class='ocrx_word' id='word_1_9' title='bbox 1684 400 1791 431; x_wconf 84' lang='lat' dir='ltr'>con·</span> 
     </span>
     <span class='ocr_line' id='line_1_2' title="bbox 347 470 1787 533; baseline 0.001 -18"><span class='ocrx_word' id='word_1_10' title='bbox 347 470 495 519; x_wconf 87' lang='lat' dir='ltr'>fistere.</span> <span class='ocrx_word' id='word_1_11' title='bbox 527 477 620 533; x_wconf 86' lang='lat' dir='ltr'>Ego</span> <span class='ocrx_word' id='word_1_12' title='bbox 638 477 786 532; x_wconf 86' lang='lat' dir='ltr'>utique</span> <span class='ocrx_word' id='word_1_13' title='bbox 807 479 915 518; x_wconf 86' lang='lat' dir='ltr'>inter</span> <span class='ocrx_word' id='word_1_14' title='bbox 932 473 1040 518; x_wconf 78' lang='lat' dir='ltr'>alios</span> <span class='ocrx_word' id='word_1_15' title='bbox 1062 475 1169 519; x_wconf 86' lang='lat' dir='ltr'>hanc</span> <span class='ocrx_word' id='word_1_16' title='bbox 1190 473 1293 518; x_wconf 90' lang='lat' dir='ltr'>mihi</span> <span class='ocrx_word' id='word_1_17' title='bbox 1312 477 1356 517; x_wconf 87' lang='lat' dir='ltr'>in</span> <span class='ocrx_word' id='word_1_18' title='bbox 1367 470 1557 517; x_wconf 86' lang='lat' dir='ltr'>universa</span> <span class='ocrx_word' id='word_1_19' title='bbox 1567 474 1671 516; x_wconf 84' lang='lat' dir='ltr'>vitae</span> <span class='ocrx_word' id='word_1_20' title='bbox 1683 486 1787 517; x_wconf 70' lang='lat' dir='ltr'>mec</span> 
     </span>
     <span class='ocr_line' id='line_1_3' title="bbox 345 546 1789 620; baseline 0.003 -22"><span class='ocrx_word' id='word_1_21' title='bbox 345 560 509 614; x_wconf 81' lang='lat' dir='ltr'>ratione</span> <span class='ocrx_word' id='word_1_22' title='bbox 530 553 603 601; x_wconf 82' lang='lat' dir='ltr'>fixi</span> <span class='ocrx_word' id='word_1_23' title='bbox 625 559 784 616; x_wconf 88' lang='lat' dir='ltr'>Legem</span> <span class='ocrx_word' id='word_1_24' title='bbox 797 591 808 608; x_wconf 90' lang='lat'><em>‚</em></span> <span class='ocrx_word' id='word_1_25' title='bbox 842 546 1007 602; x_wconf 54' lang='lat' dir='ltr'>Dirinae</span> <span class='ocrx_word' id='word_1_26' title='bbox 1022 556 1255 601; x_wconf 86' lang='lat' dir='ltr'>-Vocationi</span> <span class='ocrx_word' id='word_1_27' title='bbox 1268 588 1280 608; x_wconf 95' lang='lat'><em>,</em></span> <span class='ocrx_word' id='word_1_28' title='bbox 1315 557 1357 600; x_wconf 90' lang='lat'>&amp;</span> <span class='ocrx_word' id='word_1_29' title='bbox 1376 554 1530 620; x_wconf 70' lang='lat' dir='ltr'>Vestrae</span> <span class='ocrx_word' id='word_1_30' title='bbox 1549 553 1607 600; x_wconf 89' lang='lat' dir='ltr'>de</span> <span class='ocrx_word' id='word_1_31' title='bbox 1629 571 1706 601; x_wconf 90' lang='lat' dir='ltr'>me</span> <span class='ocrx_word' id='word_1_32' title='bbox 1716 570 1789 602; x_wconf 88' lang='lat' dir='ltr'>ex·</span> 
     </span>
     <span class='ocr_line' id='line_1_4' title="bbox 346 627 1783 701; baseline 0.001 -17"><span class='ocrx_word' id='word_1_33' title='bbox 346 640 576 699; x_wconf 58' lang='lat' dir='ltr'>peitationi</span> <span class='ocrx_word' id='word_1_34' title='bbox 601 677 611 693; x_wconf 93' lang='lat'>‚</span> <span class='ocrx_word' id='word_1_35' title='bbox 655 627 1098 701; x_wconf 74' lang='lat' dir='ltr'>quantumfacultatis</span> <span class='ocrx_word' id='word_1_36' title='bbox 1120 640 1390 686; x_wconf 86' lang='lat' dir='ltr'>mediocritas</span> <span class='ocrx_word' id='word_1_37' title='bbox 1412 641 1453 685; x_wconf 89' lang='lat'>&amp;</span> <span class='ocrx_word' id='word_1_38' title='bbox 1476 644 1588 684; x_wconf 87' lang='lat' dir='ltr'>vires</span> <span class='ocrx_word' id='word_1_39' title='bbox 1610 638 1783 693; x_wconf 82' lang='lat' dir='ltr'>ferunt,</span> 
     </span>
     <span class='ocr_line' id='line_1_5' title="bbox 347 720 1786 783; baseline 0.001 -17"><span class='ocrx_word' id='word_1_40' title='bbox 347 720 582 769; x_wconf 74' lang='lat' dir='ltr'>satisfacere</span> <span class='ocrx_word' id='word_1_41' title='bbox 603 759 614 775; x_wconf 90' lang='lat'><strong>,</strong></span> <span class='ocrx_word' id='word_1_42' title='bbox 659 725 701 768; x_wconf 90' lang='lat'>&amp;</span> <span class='ocrx_word' id='word_1_43' title='bbox 719 728 977 783; x_wconf 79' lang='lat' dir='ltr'>provinciam</span> <span class='ocrx_word' id='word_1_44' title='bbox 999 758 1010 774; x_wconf 87' lang='lat'>‚</span> <span class='ocrx_word' id='word_1_45' title='bbox 1044 723 1149 768; x_wconf 86' lang='lat' dir='ltr'>mihi</span> <span class='ocrx_word' id='word_1_46' title='bbox 1170 723 1491 774; x_wconf 85' lang='lat' dir='ltr'>demandatam,</span> <span class='ocrx_word' id='word_1_47' title='bbox 1525 738 1576 769; x_wconf 89' lang='lat' dir='ltr'>ea</span> <span class='ocrx_word' id='word_1_48' title='bbox 1599 722 1786 768; x_wconf 86' lang='lat' dir='ltr'>admini-</span> 
     </span>
     <span class='ocr_line' id='line_1_6' title="bbox 335 807 1783 868; baseline 0.001 -15"><span class='ocrx_word' id='word_1_49' title='bbox 335 808 475 854; x_wconf 84' lang='lat' dir='ltr'>·strare</span> <span class='ocrx_word' id='word_1_50' title='bbox 493 809 577 854; x_wconf 88' lang='lat' dir='ltr'>fide</span> <span class='ocrx_word' id='word_1_51' title='bbox 597 844 608 860; x_wconf 86' lang='lat'><strong>‚</strong></span> <span class='ocrx_word' id='word_1_52' title='bbox 641 814 758 866; x_wconf 84' lang='lat' dir='ltr'>cujus</span> <span class='ocrx_word' id='word_1_53' title='bbox 778 814 986 854; x_wconf 85' lang='lat' dir='ltr'>rationem</span> <span class='ocrx_word' id='word_1_54' title='bbox 1006 808 1145 853; x_wconf 84' lang='lat' dir='ltr'>Vobis</span> <span class='ocrx_word' id='word_1_55' title='bbox 1158 843 1168 859; x_wconf 89' lang='lat'>‚</span> <span class='ocrx_word' id='word_1_56' title='bbox 1203 809 1243 853; x_wconf 85' lang='lat'>&amp;</span> <span class='ocrx_word' id='word_1_57' title='bbox 1267 808 1436 854; x_wconf 83' lang='lat' dir='ltr'>Christo</span> <span class='ocrx_word' id='word_1_58' title='bbox 1457 823 1636 868; x_wconf 87' lang='lat' dir='ltr'>quoque</span> <span class='ocrx_word' id='word_1_59' title='bbox 1657 807 1783 862; x_wconf 75' lang='lat' dir='ltr'>jesu,</span> 
     </span>
     <span class='ocr_line' id='line_1_7' title="bbox 351 889 1788 950; baseline 0.001 -14"><span class='ocrx_word' id='word_1_60' title='bbox 351 892 518 937; x_wconf 86' lang='lat' dir='ltr'>summo</span> <span class='ocrx_word' id='word_1_61' title='bbox 539 892 773 937; x_wconf 86' lang='lat' dir='ltr'>studiorum</span> <span class='ocrx_word' id='word_1_62' title='bbox 797 892 1036 937; x_wconf 88' lang='lat' dir='ltr'>nostrorum</span> <span class='ocrx_word' id='word_1_63' title='bbox 1047 889 1204 937; x_wconf 80' lang='lat' dir='ltr'>Praefidi</span> <span class='ocrx_word' id='word_1_64' title='bbox 1218 891 1464 935; x_wconf 75' lang='lat' dir='ltr'>&amp;Arbitroz</span> <span class='ocrx_word' id='word_1_65' title='bbox 1495 906 1573 950; x_wconf 82' lang='lat' dir='ltr'>pro</span> <span class='ocrx_word' id='word_1_66' title='bbox 1588 891 1788 937; x_wconf 70' lang='lat' dir='ltr'>humanae</span> 
     </span>
     <span class='ocr_line' id='line_1_8' title="bbox 350 967 1786 1033; baseline 0.001 -14"><span class='ocrx_word' id='word_1_67' title='bbox 350 974 651 1021; x_wconf 82' lang='lat' dir='ltr'>imbecillitatis</span> <span class='ocrx_word' id='word_1_68' title='bbox 669 979 832 1021; x_wconf 87' lang='lat' dir='ltr'>ratione</span> <span class='ocrx_word' id='word_1_69' title='bbox 845 1011 856 1027; x_wconf 90' lang='lat'>,</span> <span class='ocrx_word' id='word_1_70' title='bbox 882 979 1008 1031; x_wconf 84' lang='lat' dir='ltr'>cujus</span> <span class='ocrx_word' id='word_1_71' title='bbox 1028 967 1324 1019; x_wconf 83' lang='lat' dir='ltr'>conscientiam</span> <span class='ocrx_word' id='word_1_72' title='bbox 1344 977 1596 1033; x_wconf 83' lang='lat' dir='ltr'>neutiquam</span> <span class='ocrx_word' id='word_1_73' title='bbox 1618 972 1786 1021; x_wconf 72' lang='lat' dir='ltr'>dimili:</span> 
     </span>
     <span class='ocr_line' id='line_1_9' title="bbox 352 1058 1786 1125; baseline 0.003 -21"><span class='ocrx_word' id='word_1_74' title='bbox 352 1075 559 1120; x_wconf 84' lang='lat' dir='ltr'>exponere</span> <span class='ocrx_word' id='word_1_75' title='bbox 579 1059 752 1121; x_wconf 82' lang='lat' dir='ltr'>poffem.</span> <span class='ocrx_word' id='word_1_76' title='bbox 784 1061 911 1104; x_wconf 84' lang='lat' dir='ltr'>Certe</span> <span class='ocrx_word' id='word_1_77' title='bbox 921 1062 1035 1103; x_wconf 89' lang='lat' dir='ltr'>enim</span> <span class='ocrx_word' id='word_1_78' title='bbox 1046 1058 1176 1118; x_wconf 86' lang='lat' dir='ltr'>probe</span> <span class='ocrx_word' id='word_1_79' title='bbox 1186 1061 1350 1118; x_wconf 83' lang='lat' dir='ltr'>percepi</span> <span class='ocrx_word' id='word_1_80' title='bbox 1363 1092 1374 1108; x_wconf 87' lang='lat'><strong>‚</strong></span> <span class='ocrx_word' id='word_1_81' title='bbox 1394 1123 1396 1125; x_wconf 7' lang='grc' dir='ltr'>η</span> <span class='ocrx_word' id='word_1_82' title='bbox 1409 1073 1505 1102; x_wconf 91' lang='lat' dir='ltr'>cum</span> <span class='ocrx_word' id='word_1_83' title='bbox 1518 1058 1574 1105; x_wconf 88' lang='lat' dir='ltr'>ad</span> <span class='ocrx_word' id='word_1_84' title='bbox 1586 1060 1786 1108; x_wconf 84' lang='lat' dir='ltr'>Vestram</span> 
     </span>
     <span class='ocr_line' id='line_1_10' title="bbox 351 1141 1787 1206; baseline 0.002 -16"><span class='ocrx_word' id='word_1_85' title='bbox 351 1142 763 1190; x_wconf 71' lang='lat' dir='ltr'>commendationem</span> <span class='ocrx_word' id='word_1_86' title='bbox 782 1141 1015 1189; x_wconf 85' lang='lat' dir='ltr'>admodum</span> <span class='ocrx_word' id='word_1_87' title='bbox 1035 1145 1210 1196; x_wconf 89' lang='lat' dir='ltr'>Juvenis</span> <span class='ocrx_word' id='word_1_88' title='bbox 1229 1143 1478 1191; x_wconf 87' lang='lat' dir='ltr'>admoverer</span> <span class='ocrx_word' id='word_1_89' title='bbox 1491 1143 1545 1190; x_wconf 87' lang='lat' dir='ltr'>ad</span> <span class='ocrx_word' id='word_1_90' title='bbox 1555 1146 1787 1206; x_wconf 62' lang='lat' dir='ltr'>speetabile</span> 
     </span>
     <span class='ocr_line' id='line_1_11' title="bbox 348 1225 1789 1292; baseline 0.003 -19"><span class='ocrx_word' id='word_1_91' title='bbox 348 1228 527 1274; x_wconf 87' lang='lat' dir='ltr'>docendi</span> <span class='ocrx_word' id='word_1_92' title='bbox 557 1231 720 1273; x_wconf 87' lang='lat' dir='ltr'>Munus</span> <span class='ocrx_word' id='word_1_93' title='bbox 741 1231 785 1272; x_wconf 90' lang='lat' dir='ltr'>in</span> <span class='ocrx_word' id='word_1_94' title='bbox 803 1225 970 1287; x_wconf 88' lang='lat' dir='ltr'>publica</span> <span class='ocrx_word' id='word_1_95' title='bbox 991 1226 1252 1272; x_wconf 89' lang='lat' dir='ltr'>&#39;eruditorum</span> <span class='ocrx_word' id='word_1_96' title='bbox 1275 1228 1499 1274; x_wconf 91' lang='lat' dir='ltr'>hominum</span> <span class='ocrx_word' id='word_1_97' title='bbox 1518 1229 1617 1275; x_wconf 88' lang='lat' dir='ltr'>luce</span> <span class='ocrx_word' id='word_1_98' title='bbox 1640 1246 1789 1292; x_wconf 80' lang='lat' dir='ltr'>geren·</span> 
     </span>
     <span class='ocr_line' id='line_1_12' title="bbox 351 1311 1787 1377; baseline 0.002 -19"><span class='ocrx_word' id='word_1_99' title='bbox 351 1313 467 1359; x_wconf 89' lang='lat' dir='ltr'>dum.</span> <span class='ocrx_word' id='word_1_100' title='bbox 508 1327 594 1357; x_wconf 87' lang='lat' dir='ltr'>non</span> <span class='ocrx_word' id='word_1_101' title='bbox 613 1311 695 1358; x_wconf 83' lang='lat' dir='ltr'>effe</span> <span class='ocrx_word' id='word_1_102' title='bbox 717 1327 786 1358; x_wconf 89' lang='lat' dir='ltr'>me</span> <span class='ocrx_word' id='word_1_103' title='bbox 805 1324 1005 1358; x_wconf 90' lang='lat' dir='ltr'>vocatum</span> <span class='ocrx_word' id='word_1_104' title='bbox 1027 1311 1080 1357; x_wconf 86' lang='lat' dir='ltr'>ad</span> <span class='ocrx_word' id='word_1_105' title='bbox 1100 1318 1239 1357; x_wconf 90' lang='lat' dir='ltr'>otium</span> <span class='ocrx_word' id='word_1_106' title='bbox 1260 1312 1331 1358; x_wconf 89' lang='lat' dir='ltr'>sed</span> <span class='ocrx_word' id='word_1_107' title='bbox 1352 1313 1407 1359; x_wconf 90' lang='lat' dir='ltr'>ad</span> <span class='ocrx_word' id='word_1_108' title='bbox 1427 1313 1591 1360; x_wconf 87' lang='lat' dir='ltr'>labores</span> <span class='ocrx_word' id='word_1_109' title='bbox 1612 1337 1626 1370; x_wconf 72' lang='grc' dir='ltr'><strong>ς</strong></span> <span class='ocrx_word' id='word_1_110' title='bbox 1663 1321 1787 1377; x_wconf 89' lang='lat' dir='ltr'>proin</span> 
     </span>
     <span class='ocr_line' id='line_1_13' title="bbox 351 1380 1789 1458; baseline 0.001 -14"><span class='ocrx_word' id='word_1_111' title='bbox 351 1380 585 1444; x_wconf 49' lang='lat' dir='ltr'>carendum</span> <span class='ocrx_word' id='word_1_112' title='bbox 609 1397 714 1442; x_wconf 89' lang='lat' dir='ltr'>mihi</span> <span class='ocrx_word' id='word_1_113' title='bbox 733 1395 880 1441; x_wconf 88' lang='lat' dir='ltr'>sedulo</span> <span class='ocrx_word' id='word_1_114' title='bbox 901 1429 912 1446; x_wconf 85' lang='lat'><strong>‚</strong></span> <span class='ocrx_word' id='word_1_115' title='bbox 945 1410 998 1440; x_wconf 88' lang='lat' dir='ltr'>ne</span> <span class='ocrx_word' id='word_1_116' title='bbox 1018 1401 1097 1441; x_wconf 86' lang='lat' dir='ltr'>otii</span> <span class='ocrx_word' id='word_1_117' title='bbox 1118 1401 1245 1442; x_wconf 89' lang='lat' dir='ltr'>nimis</span> <span class='ocrx_word' id='word_1_118' title='bbox 1266 1397 1493 1458; x_wconf 86' lang='lat' dir='ltr'>prodigus,</span> <span class='ocrx_word' id='word_1_119' title='bbox 1527 1412 1605 1444; x_wconf 91' lang='lat' dir='ltr'>aut</span> <span class='ocrx_word' id='word_1_120' title='bbox 1627 1401 1789 1446; x_wconf 82' lang='lat' dir='ltr'>laboris</span> 
     </span>
     <span class='ocr_line' id='line_1_14' title="bbox 350 1475 1790 1543; baseline 0.003 -17"><span class='ocrx_word' id='word_1_121' title='bbox 350 1485 575 1541; x_wconf 84' lang='lat' dir='ltr'>impatiens</span> <span class='ocrx_word' id='word_1_122' title='bbox 595 1479 770 1525; x_wconf 88' lang='lat' dir='ltr'>viderer.</span> <span class='ocrx_word' id='word_1_123' title='bbox 803 1484 860 1524; x_wconf 92' lang='lat' dir='ltr'>Et</span> <span class='ocrx_word' id='word_1_124' title='bbox 878 1493 978 1524; x_wconf 88' lang='lat' dir='ltr'>vero</span> <span class='ocrx_word' id='word_1_125' title='bbox 1006 1475 1037 1522; x_wconf 72' lang='lat' dir='ltr'>si</span> <span class='ocrx_word' id='word_1_126' title='bbox 1059 1476 1102 1522; x_wconf 88' lang='lat' dir='ltr'>id</span> <span class='ocrx_word' id='word_1_127' title='bbox 1125 1478 1200 1524; x_wconf 86' lang='lat' dir='ltr'>illo</span> <span class='ocrx_word' id='word_1_128' title='bbox 1222 1485 1352 1525; x_wconf 90' lang='lat' dir='ltr'>etiam</span> <span class='ocrx_word' id='word_1_129' title='bbox 1373 1493 1566 1541; x_wconf 86' lang='lat' dir='ltr'>tempore</span> <span class='ocrx_word' id='word_1_130' title='bbox 1579 1518 1590 1533; x_wconf 89' lang='lat'>,</span> <span class='ocrx_word' id='word_1_131' title='bbox 1627 1499 1721 1543; x_wconf 90' lang='lat' dir='ltr'>quo</span> <span class='ocrx_word' id='word_1_132' title='bbox 1742 1501 1790 1532; x_wconf 68' lang='grc' dir='ltr'>ε-</span> 
     </span>
     <span class='ocr_line' id='line_1_15' title="bbox 349 1560 1789 1628; baseline 0.003 -19"><span class='ocrx_word' id='word_1_133' title='bbox 349 1577 416 1609; x_wconf 86' lang='lat' dir='ltr'>tas</span> <span class='ocrx_word' id='word_1_134' title='bbox 436 1563 684 1609; x_wconf 85' lang='lat' dir='ltr'>solicitiores</span> <span class='ocrx_word' id='word_1_135' title='bbox 706 1567 836 1608; x_wconf 86' lang='lat' dir='ltr'>animi</span> <span class='ocrx_word' id='word_1_136' title='bbox 857 1577 976 1608; x_wconf 89' lang='lat' dir='ltr'>curas</span> <span class='ocrx_word' id='word_1_137' title='bbox 997 1560 1162 1628; x_wconf 79' lang='lat' dir='ltr'>facilius</span> <span class='ocrx_word' id='word_1_138' title='bbox 1183 1562 1427 1623; x_wconf 88' lang='lat' dir='ltr'>dispellebat</span> <span class='ocrx_word' id='word_1_139' title='bbox 1440 1601 1451 1617; x_wconf 94' lang='lat'>,</span> <span class='ocrx_word' id='word_1_140' title='bbox 1486 1580 1574 1609; x_wconf 89' lang='lat' dir='ltr'>non</span> <span class='ocrx_word' id='word_1_141' title='bbox 1596 1571 1696 1612; x_wconf 78' lang='lat' dir='ltr'>tam</span> <span class='ocrx_word' id='word_1_142' title='bbox 1705 1568 1789 1614; x_wconf 87' lang='lat' dir='ltr'>alte</span> 
     </span>
     <span class='ocr_line' id='line_1_16' title="bbox 351 1633 1792 1706; baseline 0.006 -16"><span class='ocrx_word' id='word_1_143' title='bbox 351 1645 564 1693; x_wconf 72' lang='lat' dir='ltr'>inhaesiss‘et</span> <span class='ocrx_word' id='word_1_144' title='bbox 586 1668 597 1692; x_wconf 67' lang='grc' dir='ltr'><strong><em>ε</em></strong></span> <span class='ocrx_word' id='word_1_145' title='bbox 630 1650 772 1706; x_wconf 87' lang='lat' dir='ltr'>potuit</span> <span class='ocrx_word' id='word_1_146' title='bbox 793 1660 862 1688; x_wconf 90' lang='lat' dir='ltr'>me</span> <span class='ocrx_word' id='word_1_147' title='bbox 883 1650 1137 1706; x_wconf 82' lang='lat' dir='ltr'>experientia</span> <span class='ocrx_word' id='word_1_148' title='bbox 1157 1633 1343 1706; x_wconf 73' lang='lat' dir='ltr'>plurium</span> <span class='ocrx_word' id='word_1_149' title='bbox 1360 1653 1451 1705; x_wconf 87' lang='lat' dir='ltr'>jam</span> <span class='ocrx_word' id='word_1_150' title='bbox 1474 1663 1692 1696; x_wconf 85' lang='lat' dir='ltr'>annorum</span> <span class='ocrx_word' id='word_1_151' title='bbox 1713 1651 1792 1698; x_wconf 84' lang='lat' dir='ltr'>do-</span> 
     </span>
     <span class='ocr_line' id='line_1_17' title="bbox 349 1724 1794 1788; baseline 0.006 -17"><span class='ocrx_word' id='word_1_152' title='bbox 349 1742 442 1771; x_wconf 88' lang='lat' dir='ltr'>cere</span> <span class='ocrx_word' id='word_1_153' title='bbox 463 1760 476 1778; x_wconf 94' lang='lat'>,</span> <span class='ocrx_word' id='word_1_154' title='bbox 519 1726 637 1771; x_wconf 87' lang='lat' dir='ltr'>illam</span> <span class='ocrx_word' id='word_1_155' title='bbox 659 1730 752 1772; x_wconf 84' lang='lat' dir='ltr'>vitae</span> <span class='ocrx_word' id='word_1_156' title='bbox 770 1724 924 1780; x_wconf 66' lang='lat' dir='ltr'>sestam</span> <span class='ocrx_word' id='word_1_157' title='bbox 948 1762 958 1778; x_wconf 91' lang='lat'><strong>,</strong></span> <span class='ocrx_word' id='word_1_158' title='bbox 992 1744 1122 1788; x_wconf 84' lang='lat' dir='ltr'>quam</span> <span class='ocrx_word' id='word_1_159' title='bbox 1143 1728 1345 1788; x_wconf 81' lang='lat' dir='ltr'>profiteor</span> <span class='ocrx_word' id='word_1_160' title='bbox 1368 1765 1377 1781; x_wconf 92' lang='lat'>,</span> <span class='ocrx_word' id='word_1_161' title='bbox 1414 1732 1550 1775; x_wconf 79' lang='lat' dir='ltr'>totam</span> <span class='ocrx_word' id='word_1_162' title='bbox 1575 1732 1670 1779; x_wconf 88' lang='lat' dir='ltr'>fere</span> <span class='ocrx_word' id='word_1_163' title='bbox 1692 1750 1794 1779; x_wconf 87' lang='lat' dir='ltr'>con·</span> 
     </span>
     <span class='ocr_line' id='line_1_18' title="bbox 350 1795 1793 1868; baseline 0.006 -15"><span class='ocrx_word' id='word_1_164' title='bbox 350 1807 457 1855; x_wconf 75' lang='lat' dir='ltr'>state</span> <span class='ocrx_word' id='word_1_165' title='bbox 477 1813 752 1868; x_wconf 85' lang='lat' dir='ltr'>occupatione</span> <span class='ocrx_word' id='word_1_166' title='bbox 772 1805 873 1866; x_wconf 83' lang='lat' dir='ltr'>saepe</span> <span class='ocrx_word' id='word_1_167' title='bbox 893 1807 946 1853; x_wconf 85' lang='lat' dir='ltr'>ad</span> <span class='ocrx_word' id='word_1_168' title='bbox 966 1795 1247 1855; x_wconf 69' lang='lat' dir='ltr'>lassitudinem</span> <span class='ocrx_word' id='word_1_169' title='bbox 1267 1811 1474 1857; x_wconf 88' lang='lat' dir='ltr'>laboriosa</span> <span class='ocrx_word' id='word_1_170' title='bbox 1495 1848 1506 1864; x_wconf 90' lang='lat'>,</span> <span class='ocrx_word' id='word_1_171' title='bbox 1551 1819 1621 1859; x_wconf 90' lang='lat' dir='ltr'>cui</span> <span class='ocrx_word' id='word_1_172' title='bbox 1655 1815 1688 1861; x_wconf 85' lang='lat' dir='ltr'>fi</span> <span class='ocrx_word' id='word_1_173' title='bbox 1712 1816 1793 1862; x_wconf 88' lang='lat' dir='ltr'>ulli</span> 
     </span>
     <span class='ocr_line' id='line_1_19' title="bbox 350 1888 1794 1954; baseline 0.005 -20"><span class='ocrx_word' id='word_1_174' title='bbox 350 1902 448 1950; x_wconf 84' lang='lat' dir='ltr'>apte</span> <span class='ocrx_word' id='word_1_175' title='bbox 476 1889 652 1948; x_wconf 86' lang='lat' dir='ltr'>quadret</span> <span class='ocrx_word' id='word_1_176' title='bbox 671 1888 777 1935; x_wconf 86' lang='lat' dir='ltr'>illud</span> <span class='ocrx_word' id='word_1_177' title='bbox 798 1890 1054 1937; x_wconf 86' lang='lat' dir='ltr'>Cothurnati</span> <span class='ocrx_word' id='word_1_178' title='bbox 1078 1893 1278 1954; x_wconf 82' lang='lat' dir='ltr'>Tragoedi</span> <span class='ocrx_word' id='word_1_179' title='bbox 1305 1917 1314 1940; x_wconf 73' lang='lat' dir='ltr'>z</span> <span class='ocrx_word' id='word_1_180' title='bbox 1358 1895 1454 1937; x_wconf 74' lang='grc' dir='ltr'><strong><em>Πόνος</em></strong></span> <span class='ocrx_word' id='word_1_181' title='bbox 1470 1895 1551 1947; x_wconf 74' lang='grc' dir='ltr'>πόνῳ</span> <span class='ocrx_word' id='word_1_182' title='bbox 1570 1897 1668 1939; x_wconf 71' lang='grc' dir='ltr'><strong><em>πόνου</em></strong></span> <span class='ocrx_word' id='word_1_183' title='bbox 1687 1905 1794 1954; x_wconf 54' lang='grc' dir='ltr'><strong>φέρει.</strong></span> 
     </span>
     <span class='ocr_line' id='line_1_20' title="bbox 347 1958 1793 2040; baseline 0.007 -22"><span class='ocrx_word' id='word_1_184' title='bbox 347 1958 424 2019; x_wconf 74' lang='lat' dir='ltr'>etsi</span> <span class='ocrx_word' id='word_1_185' title='bbox 454 1986 594 2019; x_wconf 89' lang='lat' dir='ltr'>tamen</span> <span class='ocrx_word' id='word_1_186' title='bbox 622 1974 772 2020; x_wconf 87' lang='lat' dir='ltr'>solatio</span> <span class='ocrx_word' id='word_1_187' title='bbox 794 1972 854 2019; x_wconf 89' lang='lat' dir='ltr'>est</span> <span class='ocrx_word' id='word_1_188' title='bbox 875 2009 887 2025; x_wconf 86' lang='lat'>‚</span> <span class='ocrx_word' id='word_1_189' title='bbox 931 1990 985 2020; x_wconf 88' lang='lat' dir='ltr'>eo</span> <span class='ocrx_word' id='word_1_190' title='bbox 1005 1991 1085 2022; x_wconf 88' lang='lat' dir='ltr'>nos</span> <span class='ocrx_word' id='word_1_191' title='bbox 1103 1978 1254 2023; x_wconf 80' lang='lat' dir='ltr'>versari</span> <span class='ocrx_word' id='word_1_192' title='bbox 1279 1983 1323 2023; x_wconf 89' lang='lat' dir='ltr'>in</span> <span class='ocrx_word' id='word_1_193' title='bbox 1343 1994 1493 2040; x_wconf 86' lang='lat' dir='ltr'>genere</span> <span class='ocrx_word' id='word_1_194' title='bbox 1514 1986 1793 2029; x_wconf 85' lang='lat' dir='ltr'>exercitatio-</span> 
     </span>
     <span class='ocr_line' id='line_1_21' title="bbox 350 2059 1794 2122; baseline 0.006 -19"><span class='ocrx_word' id='word_1_195' title='bbox 350 2063 438 2109; x_wconf 88' lang='lat' dir='ltr'>nis,</span> <span class='ocrx_word' id='word_1_196' title='bbox 473 2060 590 2118; x_wconf 89' lang='lat' dir='ltr'>quod</span> <span class='ocrx_word' id='word_1_197' title='bbox 608 2066 801 2120; x_wconf 85' lang='lat' dir='ltr'>omnium</span> <span class='ocrx_word' id='word_1_198' title='bbox 823 2065 867 2105; x_wconf 86' lang='lat' dir='ltr'>in</span> <span class='ocrx_word' id='word_1_199' title='bbox 887 2059 964 2105; x_wconf 85' lang='lat' dir='ltr'>hac</span> <span class='ocrx_word' id='word_1_200' title='bbox 985 2064 1072 2105; x_wconf 86' lang='lat' dir='ltr'>vita</span> <span class='ocrx_word' id='word_1_201' title='bbox 1093 2060 1422 2121; x_wconf 84' lang='lat' dir='ltr'>pulcherrimum</span> <span class='ocrx_word' id='word_1_202' title='bbox 1444 2063 1486 2107; x_wconf 70' lang='lat'>8&lt;</span> <span class='ocrx_word' id='word_1_203' title='bbox 1505 2063 1794 2122; x_wconf 83' lang='lat' dir='ltr'>praestantiffi-</span> 
     </span>
     <span class='ocr_line' id='line_1_22' title="bbox 350 2143 1792 2205; baseline 0.007 -18"><span class='ocrx_word' id='word_1_204' title='bbox 350 2158 469 2187; x_wconf 88' lang='lat' dir='ltr'>mum</span> <span class='ocrx_word' id='word_1_205' title='bbox 490 2143 550 2188; x_wconf 86' lang='lat' dir='ltr'>est</span> <span class='ocrx_word' id='word_1_206' title='bbox 563 2179 573 2195; x_wconf 91' lang='lat'>‚</span> <span class='ocrx_word' id='word_1_207' title='bbox 609 2145 672 2196; x_wconf 86' lang='lat'>&amp;,</span> <span class='ocrx_word' id='word_1_208' title='bbox 707 2144 736 2189; x_wconf 87' lang='lat' dir='ltr'>fi</span> <span class='ocrx_word' id='word_1_209' title='bbox 758 2144 981 2205; x_wconf 85' lang='lat' dir='ltr'>prudenter</span> <span class='ocrx_word' id='word_1_210' title='bbox 1002 2143 1236 2190; x_wconf 76' lang='lat' dir='ltr'>acielicitcr</span> <span class='ocrx_word' id='word_1_211' title='bbox 1246 2146 1484 2198; x_wconf 81' lang='lat' dir='ltr'>excolatur,</span> <span class='ocrx_word' id='word_1_212' title='bbox 1517 2147 1715 2196; x_wconf 67' lang='lat' dir='ltr'>frustum</span> <span class='ocrx_word' id='word_1_213' title='bbox 1728 2151 1792 2197; x_wconf 84' lang='lat' dir='ltr'>fa-</span> 
     </span>
     <span class='ocr_line' id='line_1_23' title="bbox 344 2212 1793 2288; baseline 0.006 -17"><span class='ocrx_word' id='word_1_214' title='bbox 344 2228 408 2271; x_wconf 79' lang='lat' dir='ltr'>cit</span> <span class='ocrx_word' id='word_1_215' title='bbox 437 2240 565 2286; x_wconf 84' lang='lat' dir='ltr'>quem</span> <span class='ocrx_word' id='word_1_216' title='bbox 583 2222 669 2287; x_wconf 85' lang='lat' dir='ltr'>ipsa</span> <span class='ocrx_word' id='word_1_217' title='bbox 691 2241 774 2270; x_wconf 88' lang='lat' dir='ltr'>non</span> <span class='ocrx_word' id='word_1_218' title='bbox 796 2227 981 2274; x_wconf 81' lang='lat' dir='ltr'>abolebit</span> <span class='ocrx_word' id='word_1_219' title='bbox 1001 2232 1217 2273; x_wconf 81' lang='lat' dir='ltr'>aetcrnitas.</span> <span class='ocrx_word' id='word_1_220' title='bbox 1259 2228 1479 2288; x_wconf 86' lang='lat' dir='ltr'>Specimen</span> <span class='ocrx_word' id='word_1_221' title='bbox 1499 2212 1680 2288; x_wconf 83' lang='lat' dir='ltr'>aliquod</span> <span class='ocrx_word' id='word_1_222' title='bbox 1703 2233 1793 2279; x_wconf 85' lang='lat' dir='ltr'>hu-</span> 
     </span>
    </p>

    <p class='ocr_par' dir='ltr' id='par_1_2' title="bbox 1710 2322 1792 2363">
     <span class='ocr_line' id='line_1_24' title="bbox 1710 2322 1792 2363; baseline 0.024 -11"><span class='ocrx_word' id='word_1_223' title='bbox 1710 2322 1792 2363; x_wconf 75' lang='lat' dir='ltr'>jus</span> 
     </span>
    </p>
   </div>
  </div>
 </body>
</html>
