2614 2894
569 399 754 459 Jusmodi
777 410 970 445 meorum
990 376 1221 444 conatuum
1241 413 1345 443 curae
1369 414 1471 444 meae
1490 397 1574 444 suit
1587 398 1719 444 Vobis
1731 398 1927 446 exhibere
1936 417 2008 448 an-

575 498 618 531 te
628 482 709 529 hos
719 481 896 543 aliquot
906 495 1072 531 annos,
1098 481 1169 526 ubi
1191 485 1330 540 primo
1352 486 1395 526 in
1406 482 1621 543 publicum
1632 482 1764 527 extuli
1779 481 2017 528 Secundum

576 567 688 614 hunc
717 564 1079 622 Obfirvationum
1099 568 1299 610 Mearum
1320 565 1531 620 Librum,
1566 571 1638 627 qui
1660 583 1771 612 nunc
1793 564 1935 614 denuo
1945 582 2038 651 t)-

575 667 731 713 porum
741 665 890 711 operas
900 654 1085 695 exercuit
1103 650 1145 693 &
1167 648 1400 695 Illustribus
1412 652 1668 696 Nominibus
1680 650 1869 698 Vestris
1857 666 2012 698 iterum

578 732 742 779 dicatus
772 732 925 793 prodit.
958 723 1199 777 Sentiebam
1229 738 1344 778 enim
1374 748 1444 779 me
1466 734 1550 779 hoc
1568 733 1696 779 officii
1720 751 1854 796 genus
1878 737 2013 782 Vobis

576 818 748 872 debere,
781 832 831 863 ut
859 831 1157 879 argumentum
1186 816 1287 864 effer
1315 824 1446 864 animi
1481 825 1525 865 in
1555 821 1652 865 Vos
1675 820 1935 880 obsequiosi,
1968 823 2028 867 δι’

578 903 879 949 beneficiorum
900 908 945 947 in
969 918 1039 948 me
1055 901 1309 947 collatorum
1321 909 1543 950 memoris:
1578 904 1677 949 licet
1687 920 1836 966 parum
1847 904 2026 964 respon-l

581 985 681 1033 deat
699 988 969 1047 Dignitatum
990 988 1333 1044 Meritorumque
1354 984 1599 1030 Vestrorum
1620 986 1901 1046 amplitudini.
1934 988 2017 1033 Ve-

579 1068 651 1115 stri
673 1071 832 1130 favoris
853 1068 957 1120 fuit,
985 1071 1150 1114 Divina
1171 1067 1350 1113 faciente
1372 1067 1644 1114 Providentia
1666 1105 1677 1121 ‚
1720 1086 1789 1117 me
1811 1075 1853 1114 in
1875 1069 2016 1115 lucem

578 1142 767 1198 Ecelefiae
793 1156 932 1214 primo
953 1151 1219 1219 protrahere,
1247 1153 1295 1206 .&
1314 1151 1644 1198 honestissimam
1668 1153 1773 1198 mihi
1792 1166 2019 1215 procurare

579 1243 675 1285 vitae
694 1238 983 1305 conditionem
997 1274 1008 1290 ‚
1041 1236 1303 1297 eandemque
1323 1235 1555 1284 identidem
1578 1253 1676 1283 cum
1697 1242 1814 1292 varia
1824 1235 1960 1281 Vestri
1971 1239 2018 1280 in
2061 1258 2066 1271 ι

582 1338 651 1368 me
670 1320 844 1368 affestus
865 1321 1166 1383 significatione
1188 1321 1505 1369 honoratiorem
1528 1324 1570 1367 &
1591 1321 1917 1381 luculentiorem
1929 1319 2017 1366 effi-

580 1422 682 1453 cere.
714 1423 804 1467 quae
823 1403 1179 1454 beneficia'sentio
1200 1407 1280 1454 esse
1302 1414 1489 1455 maxima
1510 1409 1554 1453 &
1575 1423 1644 1453 me
1665 1407 1799 1452 Vobis
1823 1405 2017 1454 validiffi-

582 1507 650 1537 me
670 1492 941 1552 obstringere,
976 1493 1128 1552 Neque
1150 1492 1247 1536 sane
1270 1482 1362 1552 E’go
1384 1497 1512 1536 etiam
1534 1492 1602 1535 hic
1612 1490 1801 1551 refugere
1813 1489 1944 1535 velim
1956 1489 2021 1534 ul-

583 1576 671 1620 lam
691 1572 943 1617 sanfflfflmae
964 1572 1238 1633 obligationis
1258 1572 1548 1629 conditionem
1562 1606 1574 1623 ,
1606 1577 1706 1632 quia
1727 1572 1866 1616 Vobis
1887 1575 2020 1616 maxi-

588 1672 658 1701 me
680 1660 788 1700 inter
807 1655 1003 1700 homines
1021 1653 1173 1716 debere
1191 1642 1321 1701 veliin
1332 1664 1350 1706 '‚
1369 1667 1372 1672 ’
1397 1653 1551 1715 quibus
1573 1669 1700 1699 nemo
1722 1654 1847 1699 debet
1868 1653 2023 1714 absque

587 1743 761 1787 honore.
794 1740 927 1786 modo
948 1740 973 1785 a
989 1740 1123 1786 Vobis
1134 1745 1414 1801 impetravero
1427 1775 1439 1792 ,
1472 1739 1589 1801 quod
1601 1744 1723 1785 enixe
1735 1741 1776 1784 &
1789 1723 2023 1786 reverenter

587 1826 801 1874 contendo
824 1863 835 1880 ‚
868 1821 918 1872 ut
948 1840 1166 1888 acceptum
1181 1814 1327 1877 ‚denuo
1350 1826 1542 1873 habeatis
1566 1841 1722 1885 munus·
1741 1862 1753 1879 ,
1786 1839 1909 1872 antea
1929 1841 2018 1871 non

589 1912 798 1976 spretum,
832 1912 950 1972 quod
970 1929 1068 1958 cum
1091 1915 1157 1959 his
1180 1911 1277 1973 ipsis
1288 1912 1570 1959 Observantiae
1580 1912 1755 1958 Publicae
1767 1916 1921 1958 Literis
1930 1913 2024 1958 Vo-

585 2002 652 2047 bis
674 2016 784 2046 nunc
805 2000 1073 2061 repraesent03
1106 2013 1198 2045 tum
1218 2003 1350 2045 etiam
1370 1998 1507 2044 studia
1529 2000 1570 2043 &
1590 1983 1767 2045 conatus
1781 2035 1791 2051 ,
1826 2015 1916 2058 quae
1939 2004 2018 2044 Ec-

591 2086 714 2133 clesiae
734 2085 959 2148 impendo,
993 2086 1127 2131 Vobis
1148 2084 1444 2132 commendata
1466 2085 1615 2130 habere
1635 2086 1800 2137 velitis,
1834 2086 1952 2146 quod
1961 2086 2022 2132 fe-

593 2173 704 2219 cistis
736 2159 947 2219 hastenus.
990 2177 1084 2233 Ego
1111 2188 1211 2218 vero
1231 2185 1280 2217 ut
1299 2175 1393 2217 Deo
1415 2186 1502 2216 non
1524 2171 1715 2218 sunulate
1734 2178 1890 2234 gratias
1915 2190 1996 2236 ago
2010 2210 2021 2226 ‚
2042 2183 2045 2186 ’

595 2257 712 2319 quod
741 2261 831 2307 Vos
854 2295 868 2313 ,
908 2273 1073 2321 partem
1107 2260 1198 2315 non
1223 2262 1425 2319 exiguum
1446 2257 1619 2305 humani
1641 2262 1714 2306 aevi
1739 2258 1919 2319 spatium
1935 2263 2030 2316 jam

1932 2346 2031 2393 prm·
