2614 2894
1109 204 1129 224 l

796 325 1071 378 LEMM
1100 329 1216 377 AT
1241 330 1290 379 ‘A
1330 334 1390 380 rC
1420 331 1461 382 A
1491 334 1525 382 Ρ
1555 336 1652 393 111³.
1678 338 1825 388 UM.

586 429 593 434 ·
628 413 815 456 producitur
841 415 926 449 illius
955 415 1021 449 loci
1050 415 1283 461 interpretatio,

629 458 797 493 illustratur
813 459 844 493 &
856 458 1078 494 confirmatur.

811 535 844 571 C
866 546 892 571 A
914 546 943 572 P.
987 535 1055 571 VI.

585 593 669 627 Aliae
682 594 821 628 rationes
835 591 867 625 δι
880 591 994 627 cauffae
1006 592 1167 628 evidentes
1175 597 1281 629 muta'-

629 639 726 672 tionis
748 645 844 679 atque
861 635 1008 682 Originis
1021 647 1183 673 variarum
1198 639 1280 674 Lin-

628 691 766 727 guarum
779 689 953 724 notantur,
983 684 1093 724 quales
1105 681 1193 725 sunt,
1217 683 1280 718 Po-

621 726 769 771 pulorum
784 724 933 767 Divilio;
963 724 1126 760 Fundatio
1139 726 1281 773 Imperio·

627 782 700 805 rum
714 769 1100 815 &Rerumpublicarum;
1122 772 1198 809 hinc
1205 782 1281 808 nata

626 815 751 860 Legum
771 814 803 848 &
823 813 1086 857 consuetudinum
1102 815 1279 861 divezfitaq

625 859 793 902 Gentium,
798 858 870 901 jam
878 857 1053 893 divisarum
1059 884 1070 902 ,
1079 866 1259 896 commercia
1267 875 1278 906 3

627 915 732 937 rerum
743 913 900 937 novarum
912 905 1054 937 inventio
1066 929 1077 946 ‚
1093 909 1277 949 pronuncia-

587 981 589 983 ,
628 950 723 980 tionis
730 958 822 988 ctera,
837 945 908 984 &a
930 943 1125 989 Exemplum
1132 957 1209 983 vcro
1216 952 1280 993 pri-

629 1001 726 1025 mum
731 990 823 1024 datur
830 990 864 1023 in
871 991 1040 1040 AEgyptiis,
1053 999 1196 1033 quorum
1202 994 1280 1027 idio-

626 1046 681 1068 ma
704 1035 856 1069 omnium
874 1043 982 1077 primo
1002 1042 1166 1069 mutatum
1187 1037 1280 1072 fuine

626 1078 800 1121 conjicitur
849 1077 892 1112 fic
905 1087 1031 1120 tamen,
1053 1087 1089 1113 ut
1102 1080 1227 1122 liquido
1240 1093 1279 1117 ο-

626 1123 724 1157 flendi
740 1133 785 1166 po
810 1129 852 1164 tt,
872 1121 937 1156 Lin
962 1133 1039 1157 uam
1053 1124 1137 1157 hanc
1153 1124 1194 1159 ad
1208 1126 1278 1161 He-

585 1197 602 1205 „
624 1169 744 1203 braeam
756 1168 915 1212 originem
953 1168 1004 1205 uei
1016 1166 1113 1212 poss'e.

795 1245 875 1280 ΟΛ
899 1254 928 1279 r.
972 1245 1067 1280 VII.

579 1301 783 1347 Linguamm
796 1300 911 1334 Graecae
924 1300 1234 1349 &Latinaetptigines'
1240 1305 1279 1338 li-

623 1347 699 1380 bera
712 1347 859 1380 oratione
874 1344 1074 1391 indaganturL
1093 1347 1172 1391 Qua
1179 1359 1275 1383 occa-

623 1390 711 1424 fione
741 1390 783 1424 de
803 1389 990 1424 Phoenicum
1007 1391 1038 1424 ἃ
1061 1392 1274 1438 AEgyptiorum

622 1434 876 1478 expeditionibus
896 1435 930 1468 in
952 1433 1115 1469 Graeciam
1137 1436 1275 1480 disputa-

622 1487 674 1513 tur
688 1504 699 1521 ‚
721 1479 989 1522 proferunturque
1002 1478 1185 1516 testimonia
1198 1481 1228 1515 δι
1242 1491 1276 1516 e-

622 1525 750 1566 xempla
760 1549 771 1566 ‚
802 1533 840 1557 ex
861 1524 977 1565 quibus
991 1525 1134 1559 constare
1150 1525 1250 1568 potest
1264 1551 1274 1569 ‚

622 1569 778 1602 Latinam
791 1567 924 1601 Gentem
936 1567 968 1601 &
975 1569 1133 1613 Linguam
1142 1579 1179 1602 ex
1188 1570 1277 1603 Grae-

622 1623 676 1653 ca;
698 1611 830 1645 Gentem
842 1610 960 1643 vero&
968 1613 1128 1655 Linguam
1134 1613 1277 1647 Graecam

622 1663 693 1689 tam
715 1664 753 1688 ex
774 1653 940 1687 Phoenicia
954 1662 1055 1696 quam
1069 1665 1107 1688 ex
1119 1656 1277 1700 Scythica,

626 1707 737 1734 ortum
750 1699 882 1734 trahere.

1532 420 1564 456 C
1588 431 1615 456 Α
1641 432 1670 457 Ρ.
1715 422 1833 474 VIII:

1332 495 1387 532 De
1403 497 1506 541 Persis
1516 523 1527 540 ,
1556 498 1673 543 Scythis
1683 525 1695 543 ‚
1717 501 1901 547 horumque
1915 500 2037 551 proge-'
2079 514 2082 517 ·

1375 544 1446 585 nie,
1470 542 2028 593 Populisseptentrionalesregiones

1374 588 1589 622 incolentibus
1601 613 1613 631 ‚
1643 588 1796 624 differimr
1810 616 1821 634 ‚
1849 602 2028 637 eorumque

1374 630 1579 678 Linguarum
1592 635 1937 671 convenientiamutua
1945 639 2026 673 inter

1373 675 1407 710 st
1420 701 1431 719 ‚
1460 677 1492 711 δι
1508 677 1601 722 origo
1614 687 1652 711 ex
1666 688 1731 712 una
1743 679 1880 714 Hebraea
1895 680 2026 726 Lingua

1374 720 1558 756 ostenditur.
1578 720 1785 757 proferuntur
1798 727 1897 760 etiam
1910 725 1950 759 ad
1961 729 2027 760 cal-

1372 773 1445 799 cem
1459 767 1606 810 exempla
1622 766 1802 802 modorum
1815 769 1968 814 loquendi
1977 771 2027 804 in·

1372 818 1536 855 tegrorum
1544 835 1554 852 ‚
1561 811 1618 854 qui
1624 810 1764 847 Hebraeis
1770 823 1809 853 ae
1817 814 1924 860 Belgis
1930 824 2026 849 eom-

1371 864 1487 889 munes
1503 854 1587 890 sunt.

1554 954 1685 992 CAP.
1730 955 1799 992 IX.

1286 1039 1293 1044 ·
1328 1027 1502 1065 Exhibetur
1509 1032 1641 1067 tandem
1650 1034 1693 1067 du
1716 1036 1764 1068 lex
1770 1037 1940 1079 explicatio
1946 1048 2027 1073 eon-

1371 1081 1474 1109 textus
1496 1076 1644 1111 Historia:
1662 1045 1820 1112 Nfosaicae
1833 1105 1845 1122 ‚
1872 1080 1956 1125 Cap.
1968 1093 2024 1117 xt.

1374 1127 1404 1151 1.
1419 1120 1452 1152 6.
1467 1127 1497 1161 7.
1526 1130 1665 1163 quarnm
1686 1131 1799 1157 neutra
1819 1124 2026 1170 videripoffit

1371 1163 1427 1196 abs
1435 1163 1544 1197 reeffe.
1572 1164 1682 1198 Altera
1689 1166 1749 1201 fert
1755 1192 1764 1209 ‚
1772 1167 1936 1204 historiam
1942 1170 2026 1205 Mo-

1373 1205 1410 1240 fis
1422 1207 1463 1241 de
1476 1211 1651 1243 animorum
1665 1211 1834 1257 dfienstone
1843 1216 1877 1247 in
1885 1214 2024 1257 Constliti

1371 1250 1415 1289 δέ
1430 1250 1541 1296 Opere,
1564 1263 1634 1296 quae
1643 1254 1795 1289 cauffaest
1803 1255 2028 1301 Diffipationis'

1370 1298 1569 1339 populorum
1584 1299 1626 1338 in¹
1633 1301 1733 1333 varias
1740 1308 1828 1334 terrae
1835 1305 1943 1347 plagas
1949 1328 1960 1346 ‚
1982 1314 2024 1338 ac

1370 1341 1465 1383 proin
1481 1340 1540 1376 Ori
1559 1345 1621 1376 inis
1628 1344 1827 1390 Linguarum
1836 1351 2032 1391 ‘variarum'

1370 1385 1531 1430 intelligen
1556 1396 1610 1420 am
1618 1387 1696 1422 effe:
1717 1389 1827 1423 Altera
1833 1400 1930 1432 vero,
1942 1391 2025 1427 Mo-

1366 1427 1423 1462 sen
1439 1431 1531 1474 loqui
1546 1430 1587 1464 de
1601 1430 1682 1465 Vitio
1694 1434 1825 1479 Linguae
1838 1443 1895 1469 aut
1909 1436 2026 1470 Labio-

1368 1485 1439 1507 rum
1452 1478 1488 1507 in
1497 1479 1769 1520 pronunciatione,
1789 1487 1861 1520 quae
1873 1480 2025 1515 condito-

1367 1517 1453 1551 ribus
1466 1520 1560 1553 turris
1572 1544 1583 1561 ,
1606 1521 1736 1563 quando
1753 1523 1853 1557 animi
1869 1523 1917 1558 sui
1931 1526 2023 1570 cogi·

1370 1569 1434 1595 tata
1441 1564 1510 1596 aliis
1516 1573 1724 1606 exponerent,
1748 1566 1806 1600 illo
1813 1576 1961 1610 tempore
1967 1579 2019 1603 ex-

1369 1612 1419 1638 tra
1431 1607 1580 1641 ordinem
1593 1610 1731 1643 evenerit
1742 1608 2000 1650 judicioDivino
2009 1639 2021 1661 2

1370 1648 1474 1682 modo
1490 1650 1618 1693 prorsus
1631 1652 1788 1696 singulari.

774 1787 1367 1863 DtSSERT-ATro
1428 1821 1830 1873 SECUNDA

1242 1900 1279 1935 D

1322 1901 1356 1936 E

532 1975 538 1980 ·
637 1930 1146 2013 siz-PHIROTH
1208 1950 1975 2032 KABBALISTARUMJ

823 2086 956 2122 Chr.
1000 2088 1027 2122 Ι.

576 2142 794 2179 Dissettationi
817 2142 858 2176 de
872 2141 1080 2179 SEPfflRoTH
1096 2145 1273 2183 Karmar-

574 2188 582 2195 ‘
622 2197 771 2223 suanm
792 2187 941 2231 quaedam
961 2191 1194 2232 praemittuntur
1218 2202 1274 2226 ne-

622 2231 750 2266 cessaria
760 2233 957 2277 praecognitu
971 2241 1042 2268 tum
1054 2227 1095 2268 de
1109 2235 1175 2279 ipsa
1188 2246 1271 2270 voce

623 2276 799 2311 Kanum
814 2301 824 2317 ‚
841 2276 925 2311 'tum
937 2276 978 2311 de
990 2277 1146 2313 Doc‘lrina
1155 2280 1273 2322 Juda-

575 2341 598 2346 ›-
622 2318 686 2365 cd,
714 2331 785 2365 quae
804 2322 869 2356 hoc
890 2322 1027 2359 nomine
1047 2323 1130 2359 solet
1152 2326 1273 2368 notari,

1362 2111 1430 2137 tam
1445 2107 1608 2140 recentiore
1620 2131 1631 2149 ‚
1652 2116 1724 2150 quae
1737 2118 1815 2144 cum
1830 2108 2017 2155 Pythagori-

1361 2158 1401 2180 ca
1415 2150 1466 2182 vel
1481 2148 1647 2185 Platonica
1663 2151 1869 2198 Philosophia
1881 2164 2016 2198 compa-

1361 2200 1447 2225 ratur
1463 2217 1473 2235 ,
1503 2204 1602 2237 quarn
1626 2200 1757 2243 antiqua
1779 2199 1810 2231 ὄῑ
1834 2208 1910 2232 vera
1934 2198 2020 2241 Proff

1357 2235 1525 2281 phetarum
1537 2239 1569 2272 ὅ(
1582 2239 1763 2274 όάιιέέονιιω
1776 2241 1834 2276 sub
1847 2241 2019 2277 oEcono-

1362 2281 1429 2359 ffia
1450 2280 1567 2318 Vetere
1582 2310 1592 2328 ‚
1623 2293 1695 2327 quae.
1716 2285 1882 2322 adstruitur
1897 2287 1929 2321 ἂ
1945 2288 2018 2320 illu-

1388 2333 1485 2361 tatut.
1932 2350 1935 2352 ’
1972 2340 1977 2345 ”

1627 2372 1767 2419 ***3
1921 2374 2024 2409 CAP.
